@ARTICLE{2007ApJ...664..687K,
   author = {{Kuo}, C.~L. and {Ade}, P.~A.~R. and {Bock}, J.~J. and {Bond}, J.~R. and 
	{Contaldi}, C.~R. and {Daub}, M.~D. and {Goldstein}, J.~H. and 
	{Holzapfel}, W.~L. and {Lange}, A.~E. and {Lueker}, M. and {Newcomb}, M. and 
	{Peterson}, J.~B. and {Reichardt}, C. and {Ruhl}, J. and {Runyan}, M.~C. and 
	{Staniszweski}, Z.},
    title = "{Improved Measurements of the CMB Power Spectrum with ACBAR}",
  journal = {\apj},
   eprint = {arXiv:astro-ph/0611198},
 keywords = {Cosmology: Cosmic Microwave Background, Cosmology: Observations},
     year = 2007,
    month = aug,
   volume = 664,
    pages = {687-701},
      doi = {10.1086/518401},
   adsurl = {http://adsabs.harvard.edu/abs/2007ApJ...664..687K},
  adsnote = {Provided by the SAO/NASA Astrophysics Data System}
}



@ARTICLE{2008A&A...483..741I,
   author = {{Israel}, F.~P. and {Raban}, D. and {Booth}, R.~S. and {Rantakyr{\"o}}, F.~T.
	},
    title = "{The millimeter-wave continuum spectrum of Centaurus A and its nucleus}",
  journal = {\aap},
archivePrefix = "arXiv",
   eprint = {0804.4597},
 keywords = {galaxies: individual: NGC 5128, galaxies: nuclei, radio continuum: galaxies, submillimeter, galaxies: peculiar, galaxies: active},
     year = 2008,
    month = jun,
   volume = 483,
    pages = {741-748},
      doi = {10.1051/0004-6361:20079229},
   adsurl = {http://adsabs.harvard.edu/abs/2008A%26A...483..741I},
  adsnote = {Provided by the SAO/NASA Astrophysics Data System}
}


@ARTICLE{2010arXiv1001.1333C,
   author = {{Culverhouse}, T. and {Ade}, P. and {Bock}, J. and {Bowden}, M. and 
	{Brown}, M.~L. and {Cahill}, G. and {Castro}, P.~G. and {Church}, S. and 
	{Friedman}, R. and {Ganga}, K. and {Gear}, W.~K. and {Gupta}, S. and 
	{Hinderks}, J. and {Kovac}, J. and {Lange}, A.~E. and {Leitch}, E. and 
	{Melhuish}, S.~J. and {Memari}, Y. and {Murphy}, J.~A. and {Orlando}, A. and 
	{Schwarz}, R. and {O' Sullivan}, C. and {Piccirillo}, L. and 
	{Pryke}, C. and {Rajguru}, N. and {Rusholme}, B. and {Taylor}, A.~N. and 
	{Thompson}, K.~L. and {Turner}, A.~H. and {Wu}, E.~Y.~S. and 
	{Zemcov}, M.},
    title = "{The QUaD Galactic Plane Survey 1: Maps And Analysis of Diffuse Emission}",
  journal = {ArXiv e-prints},
archivePrefix = "arXiv",
   eprint = {1001.1333},
 keywords = {Astrophysics - Galaxy Astrophysics},
     year = 2010,
    month = jan,
   adsurl = {http://adsabs.harvard.edu/abs/2010arXiv1001.1333C},
  adsnote = {Provided by the SAO/NASA Astrophysics Data System}
}

@ARTICLE{2009arXiv0908.2431Q,
   author = {{Zemcov}, M. and {Ade}, P. and {Bock}, J. and 
	{Bowden}, M. and {Brown}, M.~L. and {Cahill}, G. and {Castro}, P.~G. and 
	{Church}, S. and {Culverhouse}, T. and {Friedman}, R.~B. and 
	{Ganga}, K. and {Gear}, W.~K. and {Gupta}, S. and {Hinderks}, J. and 
	{Kovac}, J. and {Lange}, A.~E. and {Leitch}, E. and {Melhuish}, S.~J. and 
	{Memari}, Y. and {Murphy}, J.~A. and {Orlando}, A. and {O'Sullivan}, C. and 
	{Piccirillo}, L. and {Pryke}, C. and {Rajguru}, N. and {Rusholme}, B. and 
	{Schwarz}, R. and {Taylor}, A.~N. and {Thompson}, K.~L. and 
	{Turner}, A.~H. and {Wu}, E.~Y.~S.},
    title = "{Characterization of the Millimeter-Wave Polarization of Centaurus A with QUaD}",
  journal = {ArXiv e-prints},
archivePrefix = "arXiv",
   eprint = {0908.2431},
 keywords = {Astrophysics - Cosmology and Extragalactic Astrophysics},
     year = 2009,
    month = aug,
   adsurl = {http://adsabs.harvard.edu/abs/2009arXiv0908.2431Q},
  adsnote = {Provided by the SAO/NASA Astrophysics Data System}
}


@ARTICLE{2009arXiv0912.2338V,
   author = {{Vieira}, J.~D. and {Crawford}, T.~M. and {Switzer}, E.~R. and 
	{Ade}, P.~A.~R. and {Aird}, K.~A. and {Ashby}, M.~L.~N. and 
	{Benson}, B.~A. and {Bleem}, L.~E. and {Brodwin}, M. and {Carlstrom}, J.~E. and 
	{Chang}, C.~L. and {Cho}, {H.~-.} and {Crites}, A.~T. and {de Haan}, T. and 
	{Dobbs}, M.~A. and {Everett}, W. and {George}, E.~M. and {Gladders}, M. and 
	{Hall}, N.~R. and {Halverson}, N.~W. and {High}, F.~W. and {Holder}, G.~P. and 
	{Holzapfel}, W.~L. and {Hrubes}, J.~D. and {Joy}, M. and {Keisler}, R. and 
	{Knox}, L. and {Lee}, A.~T. and {Leitch}, E.~M. and {Lueker}, M. and 
	{Marrone}, D.~P. and {McIntyre}, V. and {McMahon}, J.~J. and 
	{Mehl}, J. and {Meyer}, S.~S. and {Mohr}, J.~J. and {Montroy}, T.~E. and 
	{Padin}, S. and {Plagge}, T. and {Pryke}, C. and {Reichardt}, C.~L. and 
	{Ruhl}, J.~E. and {Schaffer}, K.~K. and {Shaw}, L. and {Shirokoff}, E. and 
	{Spieler}, H.~G. and {Stalder}, B. and {Staniszewski}, Z. and 
	{Stark}, A.~A. and {Vanderlinde}, K. and {Walsh}, W. and {Williamson}, R. and 
	{Yang}, Y. and {Zahn}, O. and {Zenteno}, A.},
    title = "{Extragalactic millimeter-wave sources in South Pole Telescope survey data: source counts, catalog, and statistics for an 87 square-degree field}",
  journal = {ArXiv e-prints},
archivePrefix = "arXiv",
   eprint = {0912.2338},
 keywords = {Astrophysics - Cosmology and Extragalactic Astrophysics},
     year = 2009,
    month = dec,
   adsurl = {http://adsabs.harvard.edu/abs/2009arXiv0912.2338V},
  adsnote = {Provided by the SAO/NASA Astrophysics Data System}
}


@ARTICLE{culverhouse_quad,
   author = {{Culverhouse}, T.},
    title = "{Galactic Plane observations with QUaD}",
  journal = {CMB Component Separation and the Physics of Foregrounds conference.},
     year = 2008,
    month = jul,
   url = {http://planck.ipac.caltech.edu/ForegroundsConference/presentationsForWEB/18_tomCulverhouse.ppt},
}

@ARTICLE{2003astro.ph..1599C,
   author = {{Coble}, K. and {Ade}, P.~A.~R. and {Bock}, J.~J. and {Bond}, J.~R. and 
	{Borrill}, J. and {Boscaleri}, A. and {Contaldi}, C.~R. and 
	{Crill}, B.~P. and {de Bernardis}, P. and {Farese}, P. and {Ganga}, K. and 
	{Giacometti}, M. and {Hivon}, E. and {Hristov}, V.~V. and {Iacoangeli}, A. and 
	{Jaffe}, A.~H. and {Jones}, W.~C. and {Lange}, A.~E. and {Martinis}, L. and 
	{Masi}, S. and {Mason}, P. and {Mauskopf}, P.~D. and {Melchiorri}, A. and 
	{Montroy}, T. and {Netterfield}, C.~B. and {Nyman}, L. and {Pascale}, E. and 
	{Piacentini}, F. and {Pogosyan}, D. and {Polenta}, G. and {Pongetti}, F. and 
	{Prunet}, S. and {Romeo}, G. and {Ruhl}, J.~E. and {Scaramuzzi}, F.
	},
    title = "{Observations of Galactic and Extra-galactic Sources From the BOOMERANG and SEST Telescopes}",
  journal = {ArXiv Astrophysics e-prints},
   eprint = {arXiv:astro-ph/0301599},
 keywords = {Astrophysics},
     year = 2003,
    month = jan,
   adsurl = {http://adsabs.harvard.edu/abs/2003astro.ph..1599C},
  adsnote = {Provided by the SAO/NASA Astrophysics Data System}
}

@ARTICLE{2006ApJ...648..340L,
   author = {{Li}, H. and {Griffin}, G.~S. and {Krejny}, M. and {Novak}, G. and 
	{Loewenstein}, R.~F. and {Newcomb}, M.~G. and {Calisse}, P.~G. and 
	{Chuss}, D.~T.},
    title = "{Results of SPARO 2003: Mapping Magnetic Fields in Giant Molecular Clouds}",
  journal = {\apj},
   eprint = {arXiv:astro-ph/0602455},
 keywords = {Galaxies: Magnetic Fields, ISM: Clouds, ISM: Magnetic Fields, Polarization, Turbulence},
     year = 2006,
    month = sep,
   volume = 648,
    pages = {340-354},
      doi = {10.1086/505858},
   adsurl = {http://adsabs.harvard.edu/abs/2006ApJ...648..340L},
  adsnote = {Provided by the SAO/NASA Astrophysics Data System}
}




@ARTICLE{2009MNRAS.392..216S,
   author = {{Stompor}, R. and {Leach}, S. and {Stivoli}, F. and {Baccigalupi}, C.},
   title = "{Maximum likelihood algorithm for parametric component separation in cosmic microwave background experiments}",
   journal = {\mnras},
   archivePrefix = "arXiv",
   eprint = {0804.2645},
   keywords = {methods: data analysis , cosmic microwave
   background , diffuse radiation},
   year = 2009,
   month = jan,
   volume = 392,
   pages = {216-232},
   doi = {10.1111/j.1365-2966.2008.14023.x}
  }
  
  
@ARTICLE{2004MNRAS.349..321B,
   author = {{Bowden}, M. and {Taylor}, A.~N. and {Ganga}, K.~M. and {Ade}, P.~A.~R. and 
	{Bock}, J.~J. and {Cahill}, G. and {Carlstrom}, J.~E. and {Church}, S.~E. and 
	{Gear}, W.~K. and {Hinderks}, J.~R. and {Hu}, W. and {Keating}, B.~G. and 
	{Kovac}, J. and {Lange}, A.~E. and {Leitch}, E.~M. and {Maffei}, B. and 
	{Mallie}, O.~E. and {Melhuish}, S.~J. and {Murphy}, J.~A. and 
	{Pisano}, G. and {Piccirillo}, L. and {Pryke}, C. and {Rusholme}, B.~A. and 
	{O'Sullivan}, C. and {Thompson}, K.},
    title = "{Scientific optimization of a ground-based CMB polarization experiment}",
  journal = {\mnras},
   eprint = {arXiv:astro-ph/0309610},
 keywords = {polarization, methods: observational, techniques: polarimetric, cosmic microwave background, cosmological parameters},
     year = 2004,
    month = mar,
   volume = 349,
    pages = {321-335},
      doi = {10.1111/j.1365-2966.2004.07506.x},
   adsurl = {http://adsabs.harvard.edu/abs/2004MNRAS.349..321B},
  adsnote = {Provided by the SAO/NASA Astrophysics Data System}
}

@ARTICLE{2006JCAP...10..013P,
   author = {{Perotto}, L. and {Lesgourgues}, J. and {Hannestad}, S. and 
	{Tu}, H. and {Y Y Wong}, Y.},
    title = "{Probing cosmological parameters with the CMB: forecasts from Monte Carlo simulations}",
  journal = {Journal of Cosmology and Astro-Particle Physics},
   eprint = {arXiv:astro-ph/0606227},
     year = 2006,
    month = oct,
   volume = 10,
    pages = {13-+},
      doi = {10.1088/1475-7516/2006/10/013},
   adsurl = {http://adsabs.harvard.edu/abs/2006JCAP...10..013P},
  adsnote = {Provided by the SAO/NASA Astrophysics Data System}
}

@ARTICLE{2009PhRvD..79f3008M,
   author = {{Miller}, N.~J. and {Shimon}, M. and {Keating}, B.~G.},
    title = "{CMB beam systematics: Impact on lensing parameter estimation}",
  journal = {\prd},
archivePrefix = "arXiv",
   eprint = {0806.3096},
     year = 2009,
    month = mar,
   volume = 79,
   number = 6,
    pages = {063008-+},
      doi = {10.1103/PhysRevD.79.063008},
   adsurl = {http://adsabs.harvard.edu/abs/2009PhRvD..79f3008M},
  adsnote = {Provided by the SAO/NASA Astrophysics Data System}
}

@ARTICLE{2008PhRvD..77h3003S,
   author = {{Shimon}, M. and {Keating}, B. and {Ponthieu}, N. and {Hivon}, E.
	},
    title = "{CMB polarization systematics due to beam asymmetry: Impact on inflationary science}",
  journal = {\prd},
archivePrefix = "arXiv",
   eprint = {0709.1513},
     year = 2008,
    month = apr,
   volume = 77,
   number = 8,
    pages = {083003-+},
      doi = {10.1103/PhysRevD.77.083003},
   adsurl = {http://adsabs.harvard.edu/abs/2008PhRvD..77h3003S},
  adsnote = {Provided by the SAO/NASA Astrophysics Data System}
}

@ARTICLE{1997PhRvD..55.1830Z,
   author = {{Zaldarriaga}, M. and {Seljak}, U.},
    title = "{All-sky analysis of polarization in the microwave background}",
  journal = {\prd},
   eprint = {arXiv:astro-ph/9609170},
     year = 1997,
    month = feb,
   volume = 55,
    pages = {1830-1840},
      doi = {10.1103/PhysRevD.55.1830},
   adsurl = {http://adsabs.harvard.edu/abs/1997PhRvD..55.1830Z},
  adsnote = {Provided by the SAO/NASA Astrophysics Data System}
}

